     @MISC{DunnettVar,
      author =       "Ben Dunnett",
      title =        "Theme and Variations",
      howpublished = "online",
      year =         "2013",
      url =          "https://www.musictheoryacademy.com/understanding-music/theme-and-variations/",
      cited =        "2022-03-07"
    }
    
    @BOOK{MEDUNATHEORY,
    author = "Alexander Meduna",
    title = "Automata and Languages: Theory and Applications [Springer, 2000]",
    pages = 892,
    year = 2005,
    location = "London, GB",
    publisher = "Springer Verlag",
    ISBN = "1-85233-074-0",
    language = "english",
    url = "https://www.fit.vut.cz/research/publication/6177"
    }
    
    @BOOK{MUSICTHEORY,
    author = "Antónia Droppová",
    title = "Elementárna hudobná teória",
    pages = 104,
    year = 1998,
    edition = "1",
    location = "Prešov",
    publisher = "Bural, Jovsa",
    ISBN = "80-88697-39-5",
    language = "slovenský"
    }
    
    @MISC{variationRelevance,
      author =       "Man-Kwan Shan and Meng-Fen Chiang and Fang-Fei Kuo",
      title =        "Relevance feedback for category search in music retrieval based on semantic concept learning",
      howpublished = "online",
      year =         "2008",
      url =          "https://www.researchgate.net/publication/220664738_Relevance_feedback_for_category_search_in_music_retrieval-_based_on_semantic_concept_learning",
      cited =        "2022-03-20"
    }
    
    @MISC{strankaFrekvencii,
      author =       "Jan Schnupp and Eli Nelken and Andy King",
      title =        "Fundamental frequencies of Notes in Western Music",
      howpublished = "online",
      url =          "https://auditoryneuroscience.com/pitch/fundamental-frequencies-notes-western-music",
      cited =        "2022-03-21"
    }
    
    @MISC{jstorgrammusic,
      author =       "C. Roads and Paul Wieneke",
      journal =      "Computer Music Journal",
      title =        "Grammars as Representations for Music",
      howpublished = "online",
      url =          "https://www.jstor.org/stable/3679756?read-now=1&refreqid=excelsior%3A5c22caafd6db13b89748ac8621d1818a&seq=3",
      year =         "1979",
      pages =        "48--55",
      cited =        "2022-03-27"
    }
    
    @MISC{musicformallang,
      author =       "Bryan Jurish",
      title =        "Music as a Formal Language",
      howpublished = "online",
      month =        9,
      url =          "https://www.researchgate.net/publication/228806126_Music_as_a_formal_language",
      year =         "2004",
      cited =        "2022-03-26"
    }
    
    @BOOK{FITPUB8997,
        author = "Alexander Meduna and Ji\v{r}\'{i} Techet",
        title = "Scattered Context Grammars and their Applications",
        pages = 224,
        series = "WIT Press, UK",
        year = 2010,
        location = "WIT Press, UK, GB",
        publisher = "WIT Press",
        ISBN = "978-1-84564-426-0",
        language = "english",
        url = "https://www.fit.vut.cz/research/publication/8997"
    }
    
    @BOOK{FITPUB10498,
        author = "Alexander Meduna and Petr Zemek",
        title = "Regulated Grammars and Automata",
        pages = 694,
        year = 2014,
        location = "New York, US",
        publisher = "Springer US",
        ISBN = "978-1-4939-0368-9",
        doi = "10.1007/978-1-4939-0369-6",
        language = "english",
        url = "https://www.fit.vut.cz/research/publication/10498"
    }
    
    @MastersThesis{afrpub,
        author = "Walter Schulze",
        title = "A Formal Language Theory Approach To Music Generation",
        year = 2009,
        language = "english",
        address = "Matieland 7602, South Africa",
        school = "University of Stellenbosch",
        supervisor = "AB van der Merwe"
    }
    
    @MISC{tablemusic,
      author =       "Ota Jirák",
      title =        "Table-driven parsing of scattered context grammar",
      howpublished = "online",
      url =          "https://www.researchgate.net/publication/228952574_Table-Driven_Parsing_of_Scattered_Context_Grammar",
      month =        1,
      year =         "2010",
      cited =        "2022-04-25"
    }
    
    @BOOK{FITPUB10524,
        author = "Alexander Meduna",
        title = "Formal Languages and Computation",
        pages = 315,
        series = "Taylor and Francis",
        year = 2014,
        location = "New York, US",
        publisher = "Taylor \& Francis Informa plc",
        ISBN = "978-1-4665-1345-7",
        doi = "10.1201/b16376",
        language = "english",
        url = "https://www.fit.vut.cz/research/publication/10524"
    }
    
    @INPROCEEDINGS{FITPUB10978,
        author = "Ji\v{r}\'{i} Ku\v{c}era and Alexander Meduna and Ond\v{r}ej Soukup",
        title = "Absolutely Unlimited Deep Pushdown Automata",
        pages = "36--44",
        booktitle = "Proceedings of the 10th Doctoral Workshop on Mathematical and Engineering Methods in Computer Science (MEMICS 2015)",
        year = 2015,
        location = "Tel\v{c}, CZ",
        publisher = "Ing. Vladislav Pokorn\'{y} - Litera",
        ISBN = "978-80-214-5254-1",
        language = "english",
        url = "https://www.fit.vut.cz/research/publication/10978"
    }
    
    @Article{gil:2022:Citace,
        author = "Édouard Gilbert and Darrell Conklin",
        title = "A Probabilistic Context-Free Grammar for Melodic Reduction",
        year = "2007",
        pages = "83--94",
        address = "Hyderabad, India",
        journal = "Proceedings of the International Workshop on Artificial
Intelligence and Music, 20th International Joint Conference on Artificial Intelligence
(IJCAI)"
    }
    
    @Article{wilanimal:2022:Citace,
        author = "Willem Zuidema and Dieuwke Hupkes and Geraint Wiggins and Constance Scharff and Martin Rohrmeier",
        title = "Formal models of Structure Building in Music, Language and
Animal Song",
        year = "2019",
        month = "1",
        cited = "2022-04-27",
        howpublished = "online",
        url = "https://www.researchgate.net/publication/330439467_Formal_models_of_Structure_Building_in_Music_Language_and_Animal_Songs"
    }
    
    @Website{python:site,
        author = "Python Software Foundation",
        title = "What is Python? Executive Summary",
        cited = "2022-04-28",
        howpublished = "online",
        url = "https://www.python.org/doc/essays/blurb/"
    
    }
    
    @Website{synt:site,
        author = "Yuma Mihira",
        title = "Python synthesizer",
        cited = "2022-04-28",
        howpublished = "online",
        year = "2020",
        month = "2",
        url = "https://github.com/yuma-m/synthesizer"
    
    }
